@techreport{gaspi-std,
	language={english},
	author={{{GASPI} Consortium}},
	title={GASPI: Global Address Space Programming Interface -- Specification of a PGAS API	 for communication},
	year={2017},
	month={February},
	number={Version 17.1}
}

@techreport{mpi3-std,
	language={english},
	author={{Message Passing Interface Forum}},
	title={MPI: A Message-Passing Interface Standard},
	year={2012},
	month={September},
	number={Version 3.0}
}

@techreport{upc-std,
	language={english},
	author={{UPC Consortium}},
	title={UPC Language Specifications; UPC Required Library Specifications; UPC Optional Library Specifications},
	year={2013},
	month={November},
	number={Version 1.3}
}

@techreport{oshm-std,
	language={english},
	author={{OpenSHMEM Consortium}},
	title={OpenSHMEM -- Application Programming Interface},
	year={2020},
	month={June},
	number={Version 1.5}
}


@misc{gaspi-tut,
	language={english},
	author={Simmendinger, Christian and Rahn, Mirko and Grünewald, Daniel},
	year={2016},
	month={September},
	title={GASPI Tutorial},
	url={https://www.archer.ac.uk/training/course-material/2017/03/PGAS_Warwick/Slides/gaspi_tutorial_warwick.pdf},
	note={retrieved 24.11.2020}
}

@misc{oshm-tut,
	language={english},
	author={Pophale, Swaroop and Curtis, Tony},
	title={OpenSHMEM Tutorial},
	url={http://openshmem.org/site/sites/default/site_files/SHMEM_tutorial.pdf},
	note={retrieved 26.10.2020}
}

@misc{oshm-eval,
	language={english},
	title = {OpenSHMEM Performance and Potential: A NPB Experimental Study},
	author = {Pophale, Swaroop and Nanjegowda, Ramachandra and Curtis, Anthony R and Chapman, Barbara and Jin, Haoqiang and Poole, Stephen W and Kuehn, Jeffery A},
	year={2012},
	url={http://citeseerx.ist.psu.edu/viewdoc/download?doi=10.1.1.248.3221&rep=rep1&type=pdf},
	note={retrieved 26.10.2020}
}

@misc{mpi-pscw-img,
	language={english},
	title={MPI topic: One-sided communication},
	author={Eijkhout, Victor},
	url={https://pages.tacc.utexas.edu/~eijkhout/pcse/html/mpi-onesided.htm},
	note={retrieved 26.10.2020}
}

@misc{gpi-2-github,
	language={english},
	title={GitHub Repository -- GPI-2},
	author={{Fraunhofer ITWM}},
	url={https://github.com/cc-hpc-itwm/GPI-2},
	note={retrieved 28.10.2020}
}

@misc{gpi-2-site,
	language={english},
	title={GPI-2 Benchmarks},
	author={{Fraunhofer ITWM}},
	url={http://gpi-site.com/benchmarks/},
	note={retrieved 19.11.2020}
}

@misc{imb,
	language={english},
	title={Intel MPI Benchmarks User Guide},
	author={{Intel Corporation}},
	url={https://software.intel.com/content/www/us/en/develop/documentation/imb-user-guide/top.html},
	note={retrieved 30.10.2020}
}

@misc{omb,
	language={english},
	title={OSU Micro-Benchmarks},
	author={Panda, D. K.},
	url={https://mvapich.cse.ohio-state.edu/benchmarks/},
	note={retrieved 30.10.2020}
}

@misc{ib-card,
	language={english},
	title={QLE7300 Series -- Single-Port/Dual-Port 40Gbps (QDR) Intel TrueScale Fabric supporting InfiniBand to PCI Express Adapter},
	author={{Intel Corporation}},
	url={https://www.intel.com/content/dam/www/public/us/en/documents/product-briefs/truescale-infiniband-qle7300-brief.pdf},
	note={retrieved 13.11.2020}
}

@inproceedings{gaspi-oden,
	language={english},
	title={GPI2 for GPUs: A PGAS framework for efficient communication in hybrid clusters},
	author={Lena Oden},
	series={Advances in Parallel Computing},
	volume={25},
	pages={461-470},
	booktitle={Parallel Computing: Accelerating Computational Science and Engineering (CSE)},
	year={2013}
}

	
@inproceedings{upc-eval,
	language={english},
	author = {Coarfa, Cristian and Dotsenko, Yuri and Mellor-Crummey, John and Cantonnet, Fran\c{c}ois and El-Ghazawi, Tarek and Mohanti, Ashrujit and Yao, Yiyi and Chavarr\'{\i}a-Miranda, Daniel},
	title = {An Evaluation of Global Address Space Languages: Co-Array Fortran and Unified Parallel C},
	year = {2005},
	publisher = {Association for Computing Machinery},
	address = {New York, USA},
	booktitle = {Proceedings of the Tenth ACM SIGPLAN Symposium on Principles and Practice of Parallel Programming},
	pages = {36–47},
	numpages = {12}
}

@inproceedings{oshm-intro,
	language={english},
	author = {Chapman, Barbara and Curtis, Tony and Pophale, Swaroop and Poole, Stephen and Kuehn, Jeff and Koelbel, Chuck and Smith, Lauren},
	title = {Introducing OpenSHMEM: SHMEM for the PGAS Community},
	year = {2010},
	publisher = {Association for Computing Machinery},
	address = {New York, USA},
	booktitle = {Proceedings of the Fourth Conference on Partitioned Global Address Space Programming Model},
	articleno = {2},
	numpages = {3}
}

@phdthesis{diss-end,
	language={english},
	author={End, Vanessa},
	title={On Collective Communication and Notified Read in the Global Address Space Programming Interface (GASPI)},
	year={2016},
	school={University of Göttingen},
}

@InProceedings{gaspi-sum,
	language={english},
	author={Simmendinger, Christian and Rahn, Mirko and Grünewald, Daniel},
	editor={Resch, Michael M. and Bez, Wolfgang and Focht, Erich and Kobayashi, Hiroaki and Patel, Nisarg},
	title={The GASPI API: A Failure Tolerant PGAS API for Asynchronous Dataflow on Heterogeneous Architectures},
	booktitle={Sustained Simulation Performance 2014},
	year={2015},
	publisher={Springer International Publishing},
	pages={17--32},
	address={Cham, Switzerland}
}

@InProceedings{upc-infiniband,
	language={english},
	author={Luo, Miao and Li, Mingzhe and Venkatesh, Akshay and Lu, Xiaoyi and Panda, D.K.},
	title={UPC on MIC: Early Experiences with Native and Symmetric Modes},
	booktitle={Proceedings of the 7th International Conference on PGAS Programming Models},
	editor={Weiland, M. and Jackson, A. and Johnson, N.},
	publisher={University of Edinburgh},
	year={2013},
	month={October}
}

@INPROCEEDINGS{gaspi-heuveline,
	language={english},
	author={Breitbart, J. and Schmidtobreick, M. and Heuveline, V.},
	booktitle={2014 IEEE International Parallel   Distributed Processing Symposium Workshops}, 
	title={Evaluation of the Global Address Space Programming Interface (GASPI)}, 
	year={2014},
	month={May},
	pages={717-726},
	publisher={IEEE}
}


@book{carch,
	language={english},
	author={Hennessy, John and Patterson, David},
	title={Computer Architecture -- A Quantitative Approach},
	year={2017},
	month={November},
	edition={6},
	publisher={Morgan Kaufmann Publishers},
	address={Cambridge, USA}
}
	

@book{silberschatz,
	language={english},
    author = {Silberschatz, Abraham and Galvin, Peter Baer and Gagne, Greg},
    title = {Operating System Concepts},
    year = {2012},
    edition = {9},
    publisher = {John Wiley \& Sons Ltd},
	address = {Hoboken, USA}
}

@book{upc,
	language={english},
	author={El-Ghazawi, Tarek and Carlson, William and Sterling, Thomas and Yelick, Katherine},
	title={UPC: Distributed Shared Memory Programming},
	year={2005},
	month={June},
	publisher = {John Wiley \& Sons Ltd},
	address = {Hoboken, USA}
}

@article{mpi-eager,
	language={english},
	author={Liu, Jiuxing and Wu, Jiesheng and Panda, D. K.},
	title={High Performance RDMA-Based MPI Implementation over InfiniBand},
	journal={International Journal of Parallel Programming},
	volume={32},
	year={2004},
	month={June},
	pages={167-198}
}